% Encoding: UTF-8

@Article{domingos2012,
  author =     {Domingos, Pedro},
  title =      {A Few Useful Things to Know About Machine Learning},
  journal =    {Commun. ACM},
  year =       {2012},
  volume =     {55},
  number =     {10},
  pages =      {78--87},
  month =      oct,
  acmid =      {2347755},
  address =    {New York, NY, USA},
  doi =        {10.1145/2347736.2347755},
  issn =       {0001-0782},
  issue_date = {October 2012},
  numpages =   {10},
  publisher =  {ACM},
  url =        {http://doi.acm.org/10.1145/2347736.2347755}
}

@Book{mitchell1997,
  title =     {Machine Learning},
  publisher = {McGraw-Hill, Inc.},
  year =      {1997},
  author =    {Mitchell, Thomas M.},
  address =   {New York, NY, USA},
  edition =   {1},
  isbn =      {0070428077, 9780070428072}
}
